@article{b1,
  title={On certain integrals of Lipschitz-Hankel type involving products of Bessel functions},
  author={Eason, George and Noble, Benjamin and Sneddon, Ian Naismith},
  journal={Philosophical Transactions of the Royal Society of London. Series A, Mathematical and Physical Sciences},
  volume={247},
  number={935},
  pages={529--551},
  year={1955},
  publisher={The Royal Society London}
}
